<?xml version="1.0" encoding="UTF-8"?><collection xmlns="http://www.loc.gov/MARC21/slim"><record><leader>00373nam--2200133-i-4500</leader><controlfield tag="001">000030536</controlfield><controlfield tag="002">20161230</controlfield><controlfield tag="005">20170122105042</controlfield><controlfield tag="008">060222s1000------------r-----000-0-eng-d</controlfield><datafield ind1=" " ind2=" " tag="245"><subfield code="a">List of publications scientific papers and scientific and technical reports. 1956-1963</subfield></datafield><datafield ind1=" " ind2=" " tag="260"><subfield code="a">Cairo</subfield><subfield code="b">U.A.R</subfield><subfield code="c">1956-1963</subfield></datafield><datafield ind1=" " ind2=" " tag="300"><subfield code="a">84 p</subfield></datafield><datafield ind1=" " ind2=" " tag="852"><subfield code="a">23664</subfield></datafield><datafield ind1=" " ind2=" " tag="CAT"><subfield code="a">SYS</subfield><subfield code="c">20170122</subfield><subfield code="h">105042</subfield></datafield></record></collection>